@INPROCEEDINGS{2006IAUJD...6E..24L,
   author = {{L{\"o}ckmann}, U. and {Baumgardt}, H.},
    title = "{High Precision Integrator for Black Hole Dynamics}",
booktitle = {IAU Joint Discussion},
     year = 2006,
   series = {IAU Joint Discussion},
   volume = 6,
    month = aug,
   adsurl = {http://adsabs.harvard.edu/abs/2006IAUJD...6E..24L},
  adsnote = {Provided by the SAO/NASA Astrophysics Data System}
}

@ARTICLE{2012MNRAS.424..545N,
   author = {{Nitadori}, K. and {Aarseth}, S.~J.},
    title = "{Accelerating NBODY6 with graphics processing units}",
  journal = {mnras},
archivePrefix = "arXiv",
   eprint = {1205.1222},
 primaryClass = "astro-ph.IM",
 keywords = {methods: numerical, globular clusters: general},
     year = 2012,
    month = jul,
   volume = 424,
    pages = {545-552},
      doi = {10.1111/j.1365-2966.2012.21227.x},
   adsurl = {http://adsabs.harvard.edu/abs/2012MNRAS.424..545N},
  adsnote = {Provided by the SAO/NASA Astrophysics Data System}
}

@ARTICLE{2012arXiv1207.2367C,
   author = {{Capuzzo-Dolcetta}, R. and {Spera}, M. and {Punzo}, D.},
    title = "{A fully parallel, high precision, N-body code running on hybrid computing platforms}",
  journal = {ArXiv e-prints},
archivePrefix = "arXiv",
   eprint = {1207.2367},
 primaryClass = "astro-ph.IM",
 keywords = {Astrophysics - Instrumentation and Methods for Astrophysics, Computer Science - Distributed, Parallel, and Cluster Computing, Physics - Computational Physics},
     year = 2012,
    month = jul,
   adsurl = {http://adsabs.harvard.edu/abs/2012arXiv1207.2367C},
  adsnote = {Provided by the SAO/NASA Astrophysics Data System}
}

@ARTICLE{2012arXiv1208.3658B,
   author = {{Bard}, D. and {Bellis}, M. and {Allen}, M.~T. and {Yepremyan}, H. and 
    {Kratochvil}, J.~M.},
    title = "{Cosmological Calculations on the GPU}",
  journal = {ArXiv e-prints},
archivePrefix = "arXiv",
   eprint = {1208.3658},
 primaryClass = "astro-ph.IM",
 keywords = {Astrophysics - Instrumentation and Methods for Astrophysics, Astrophysics - Cosmology and Extragalactic Astrophysics},
     year = 2012,
    month = aug,
   adsurl = {http://adsabs.harvard.edu/abs/2012arXiv1208.3658B},
  adsnote = {Provided by the SAO/NASA Astrophysics Data System}
}

@INPROCEEDINGS{2012ASPC..453..325B,
   author = {{B{\'e}dorf}, J. and {Gaburov}, E. and {Portegies Zwart}, S.
    },
    title = "{Bonsai: A GPU Tree-Code}",
booktitle = {Advances in Computational Astrophysics: Methods, Tools, and Outcome},
     year = 2012,
   series = {Astronomical Society of the Pacific Conference Series},
   volume = 453,
archivePrefix = "arXiv",
   eprint = {1204.2280},
 primaryClass = "astro-ph.IM",
   editor = {{Capuzzo-Dolcetta}, R. and {Limongi}, M. and {Tornamb{\`e}}, A.
    },
    month = jul,
    pages = {325},
   adsurl = {http://adsabs.harvard.edu/abs/2012ASPC..453..325B},
  adsnote = {Provided by the SAO/NASA Astrophysics Data System}
}
